<?xml version="1.0" encoding="UTF-8"?><collection xmlns="http://www.loc.gov/MARC21/slim"><record><leader>00636nam--2200181-i-4500</leader><controlfield tag="001">000038894</controlfield><controlfield tag="002">20161230</controlfield><controlfield tag="005">20161230201042</controlfield><controlfield tag="008">060222s1000------------r-----000-0-eng-d</controlfield><datafield ind1=" " ind2=" " tag="040"><subfield code="a">IFIN-HH</subfield></datafield><datafield ind1=" " ind2=" " tag="080"><subfield code="a">539.12.047</subfield></datafield><datafield ind1="1" ind2=" " tag="100"><subfield code="a">Haley, Th.J</subfield></datafield><datafield ind1="1" ind2="0" tag="245"><subfield code="a">Response of the nervous system to ionizing radiation</subfield><subfield code="b">Proceedings of an international symposium held at northwestern university medical school cicago, illinois, september 7-9, 1960</subfield><subfield code="c">Th.j. haley, ray s. snider (eds.)</subfield></datafield><datafield ind1=" " ind2=" " tag="260"><subfield code="a">New York</subfield><subfield code="b">Academic Press</subfield><subfield code="c">1962</subfield></datafield><datafield ind1=" " ind2=" " tag="300"><subfield code="a">XVII + 783P</subfield></datafield><datafield ind1="1" ind2=" " tag="700"><subfield code="a">Snider, Ray S</subfield></datafield><datafield ind1=" " ind2=" " tag="852"><subfield code="a">17726</subfield><subfield code="c">539.12.04</subfield></datafield><datafield ind1=" " ind2=" " tag="CAT"><subfield code="a">Sys</subfield><subfield code="c">20120203</subfield><subfield code="h">130435</subfield></datafield></record></collection>